<collection xmlns="http://www.loc.gov/MARC21/slim">
<record>
  <leader>00410na 0a22001211i 450 </leader>
  <controlfield tag="001">IT\ICCU\CNCE\050908</controlfield>
  <controlfield tag="005">20060810000000.0</controlfield>
  <datafield tag="100" ind1=" " ind2=" ">
    <subfield code="a">20000612             0itac0103    ba</subfield>
  </datafield>
  <datafield tag="101" ind1=" " ind2=" ">
    <subfield code="a">SPA</subfield>
  </datafield>
  <datafield tag="200" ind1="1" ind2=" ">
    <subfield code="a">Segunda parte de la Diana de George de Monte Mayor</subfield>
  </datafield>
  <datafield tag="700" ind1=" " ind2="1">
    <subfield code="a">Montemayor,</subfield>
    <subfield code="b">Jorge : de</subfield>
    <subfield code="3">IT\ICCU\CNCA\011040</subfield>
  </datafield>
  <datafield tag="790" ind1=" " ind2="1">
    <subfield code="a">Monte Mayor,</subfield>
    <subfield code="b">George : de</subfield>
    <subfield code="3">IT\ICCU\CNCA\021431</subfield>
    <subfield code="z">Montemayor, Jorge : de</subfield>
  </datafield>
  <datafield tag="801" ind1=" " ind2="3">
    <subfield code="a">IT</subfield>
    <subfield code="b">ICCU</subfield>
    <subfield code="c">20201115</subfield>
  </datafield>
</record>
</collection>
